@phdthesis{tesi,
  title={Scrambling per Pixel-Replacement su MPEG-1},
  author={Damiano Alfonso},
  school={Universit√° degli Studi di Salerno}
}

@online{ffmpeg,
  title={FFmpeg},
  howpublished={https://ffmpeg.org/}
}

@online{dlib,
  title={Dlib C++ Library},
  howpublished={http://dlib.net}
}

@online{facerecognition,
  title={face-recognition},
  howpublished={https://pypi.org/project/face-recognition/}
}

@online{facerecognitionarticle,
  author={Geitgey Adam},
  title={Machine Learning is Fun! Part 4: Modern Face Recognition with Deep Learning},
  howpublished={https://medium.com/@ageitgey/machine-learning-is-fun-part-4-modern-face-recognition-with-deep-learning-c3cffc121d78}
}
